@article {km2,
    AUTHOR = {Kn\"{u}pfer, Hans and Muratov, Cyrill B.},
     TITLE = {On an isoperimetric problem with a competing nonlocal term
              {II}: {T}he general case},
   JOURNAL = {Comm. Pure Appl. Math.},
  FJOURNAL = {Communications on Pure and Applied Mathematics},
    VOLUME = {67},
      YEAR = {2014},
    NUMBER = {12},
     PAGES = {1974--1994},
      ISSN = {0010-3640},
   MRCLASS = {49Q05 (35J20)},
  MRNUMBER = {3272365},
MRREVIEWER = {Otis Chodosh},
       DOI = {10.1002/cpa.21479},
       URL = {https://doi.org/10.1002/cpa.21479},
}

@article {km1,
    AUTHOR = {Kn\"{u}pfer, Hans and Muratov, Cyrill B.},
     TITLE = {On an isoperimetric problem with a competing nonlocal term
              {I}: {T}he planar case},
   JOURNAL = {Comm. Pure Appl. Math.},
  FJOURNAL = {Communications on Pure and Applied Mathematics},
    VOLUME = {66},
      YEAR = {2013},
    NUMBER = {7},
     PAGES = {1129--1162},
      ISSN = {0010-3640},
   MRCLASS = {49Q05 (35J20)},
  MRNUMBER = {3055587},
MRREVIEWER = {Otis Chodosh},
       DOI = {10.1002/cpa.21451},
       URL = {https://doi.org/10.1002/cpa.21451},
}

@article {franklieb,
    AUTHOR = {Frank, Rupert L. and Lieb, Elliott H.},
     TITLE = {A compactness lemma and its application to the existence of
              minimizers for the liquid drop model},
   JOURNAL = {SIAM J. Math. Anal.},
  FJOURNAL = {SIAM Journal on Mathematical Analysis},
    VOLUME = {47},
      YEAR = {2015},
    NUMBER = {6},
     PAGES = {4436--4450},
      ISSN = {0036-1410},
   MRCLASS = {49Q10 (46T99 49J40 49Q20 81V35)},
  MRNUMBER = {3425373},
MRREVIEWER = {Donghui Yang},
       DOI = {10.1137/15M1010658},
       URL = {https://doi.org/10.1137/15M1010658},
}

@article {boncris,
    AUTHOR = {Bonacini, M. and Cristoferi, R.},
     TITLE = {Local and global minimality results for a nonlocal
              isoperimetric problem on {$\Bbb{R}^N$}},
   JOURNAL = {SIAM J. Math. Anal.},
  FJOURNAL = {SIAM Journal on Mathematical Analysis},
    VOLUME = {46},
      YEAR = {2014},
    NUMBER = {4},
     PAGES = {2310--2349},
      ISSN = {0036-1410},
   MRCLASS = {49Q05 (35R35 82B24)},
  MRNUMBER = {3226747},
MRREVIEWER = {Giovanni Alberti},
       DOI = {10.1137/130929898},
       URL = {https://doi.org/10.1137/130929898},
}

@article {f2m3,
    AUTHOR = {Figalli, A. and Fusco, N. and Maggi, F. and Millot, V. and
              Morini, M.},
     TITLE = {Isoperimetry and stability properties of balls with respect to
              nonlocal energies},
   JOURNAL = {Comm. Math. Phys.},
  FJOURNAL = {Communications in Mathematical Physics},
    VOLUME = {336},
      YEAR = {2015},
    NUMBER = {1},
     PAGES = {441--507},
      ISSN = {0010-3616},
   MRCLASS = {49Q05 (53C42)},
  MRNUMBER = {3322379},
MRREVIEWER = {Isabel M. C. Salavessa},
       DOI = {10.1007/s00220-014-2244-1},
       URL = {https://doi.org/10.1007/s00220-014-2244-1},
}

@article {fuglede,
    AUTHOR = {Fuglede, Bent},
     TITLE = {Stability in the isoperimetric problem for convex or nearly
              spherical domains in {${\bf R}^n$}},
   JOURNAL = {Trans. Amer. Math. Soc.},
  FJOURNAL = {Transactions of the American Mathematical Society},
    VOLUME = {314},
      YEAR = {1989},
    NUMBER = {2},
     PAGES = {619--638},
      ISSN = {0002-9947},
   MRCLASS = {52A40},
  MRNUMBER = {942426},
MRREVIEWER = {Catherine Bandle},
       DOI = {10.2307/2001401},
       URL = {https://doi.org/10.2307/2001401},
}

@article{gamow,
 ISSN = {09501207},
 URL = {http://www.jstor.org/stable/95297},
 author = {G. Gamow},
 journal = {Proceedings of the Royal Society of London. Series A, Containing Papers of a Mathematical and Physical Character},
 number = {803},
 pages = {632--644},
 publisher = {The Royal Society},
 title = {Mass Defect Curve and Nuclear Constitution},
 volume = {126},
 year = {1930}
}

@book {AFP,
    AUTHOR = {Ambrosio, Luigi and Fusco, Nicola and Pallara, Diego},
     TITLE = {Functions of bounded variation and free discontinuity
              problems},
    SERIES = {Oxford Mathematical Monographs},
 PUBLISHER = {The Clarendon Press, Oxford University Press, New York},
      YEAR = {2000},
     PAGES = {xviii+434},
      ISBN = {0-19-850245-1},
   MRCLASS = {49-02 (49J45 49K10 49Qxx)},
  MRNUMBER = {1857292},
MRREVIEWER = {J. E. Brothers},
}

@misc{frank19,
    title={Proof of spherical flocking based on quantitative rearrangement inequalities},
    author={Rupert L. Frank and Elliott H. Lieb},
    year={2019},
    eprint={1909.04595},
    archivePrefix={arXiv},
    primaryClass={math.AP}
}

@article {tamanini,
    AUTHOR = {Tamanini, Italo},
     TITLE = {Boundaries of {C}accioppoli sets with {H}\"{o}lder-continuous
              normal vector},
   JOURNAL = {J. Reine Angew. Math.},
  FJOURNAL = {Journal f\"{u}r die Reine und Angewandte Mathematik. [Crelle's
              Journal]},
    VOLUME = {334},
      YEAR = {1982},
     PAGES = {27--39},
      ISSN = {0075-4102},
   MRCLASS = {49F22},
  MRNUMBER = {667448},
MRREVIEWER = {Klaus Steffen},
       DOI = {10.1515/crll.1982.334.27},
       URL = {https://doi.org/10.1515/crll.1982.334.27},
}

@article {cicleo,
    AUTHOR = {Cicalese, Marco and Leonardi, Gian Paolo},
     TITLE = {A selection principle for the sharp quantitative isoperimetric
              inequality},
   JOURNAL = {Arch. Ration. Mech. Anal.},
  FJOURNAL = {Archive for Rational Mechanics and Analysis},
    VOLUME = {206},
      YEAR = {2012},
    NUMBER = {2},
     PAGES = {617--643},
      ISSN = {0003-9527},
   MRCLASS = {49Q20 (49Q05 52A40 58E99)},
  MRNUMBER = {2980529},
MRREVIEWER = {Lorenzo Brasco},
       DOI = {10.1007/s00205-012-0544-1},
       URL = {https://doi.org/10.1007/s00205-012-0544-1},
}
