@book{CTElInfTeo,
	author = {Cover, Thomas M. and Thomas, Joy A.},
	title = {Elements of Information Theory (Wiley Series in Telecommunications and Signal Processing)},
	year = {2006},
	isbn = {0471241954},
	publisher = {Wiley-Interscience},
	address = {USA}
}
@article{algoet1992,
	author = "Algoet, Paul",
	doi = "10.1214/aop/1176989811",
	fjournal = "The Annals of Probability",
	journal = "Ann. Probab.",
	month = "04",
	number = "2",
	pages = "901--941",
	publisher = "The Institute of Mathematical Statistics",
	title = "Universal Schemes for Prediction, Gambling and Portfolio Selection",
	url = "https://doi.org/10.1214/aop/1176989811",
	volume = "20",
	year = "1992"
}
@article{algoet1988,
	author = "Algoet, Paul H. and Cover, Thomas M.",
	doi = "10.1214/aop/1176991793",
	fjournal = "The Annals of Probability",
	journal = "Ann. Probab.",
	month = "04",
	number = "2",
	pages = "876--898",
	publisher = "The Institute of Mathematical Statistics",
	title = "Asymptotic Optimality and Asymptotic Equipartition Properties of Log-Optimum Investment",
	url = "https://doi.org/10.1214/aop/1176991793",
	volume = "16",
	year = "1988"
}
@article{LZ78,
	author={A. {Lempel} and J. {Ziv}},
	journal={IEEE Transactions on Information Theory},
	title={Compression of individual sequences via variable-rate coding},
	year={1978},
	volume={24},
	number={5},
	pages={530-536},
	keywords={Source coding;Variable-rate coding},
	doi={10.1109/TIT.1978.1055934},
	ISSN={1557-9654},
	month={Sep.},}
@book{Klenke,
  title={Probability Theory: A Comprehensive Course},
  author={Klenke, A.},
  isbn={9781447153603},
  lccn={2013945095},
  series={Universitext},
  url={https://books.google.it/books?id=eTYMnQEACAAJ},
  year={2013},
  publisher={Springer London}
}
@book{Mennucci,
	title={Probabilità e informazione},
	author={{Mennucci}, A. C. G. and {Mitter}, S. K.},
	isbn={9788876423246},
	year={2008},
	publisher={Edizioni della Normale},
	address={Pisa, Italia}
}
@article{ThorpKelly,
		title={The Kelly Criterion in Blackjack, Sports Betting and the Stock Market},
		journal={Handbook of Asset and Liability Management},
		author={Thorp, E. O.},
		volume={1},
		pages={385-428},
		year={2006},
		address={North Holland}
}
@article{NN,
	author = {Györfi, László and Udina, Frederic and Walk, Harro},
	year = {2008},
	month = {02},
	pages = {},
	title = {Experiments on universal portfolio selection using data from real markets}
}
@ARTICLE{Ornstein1993,
	author={D. S. {Ornstein} and B. {Weiss}},
	journal={IEEE Transactions on Information Theory},
	title={Entropy and data compression schemes},
	year={1993},
	volume={39},
	number={1},
	pages={78-83},
	keywords={data compression;entropy;information theory;data compression;entropy;Shannon-McMillan-Breiman theorem;ergodic stationary source;Lempel-Ziv algorithm;Entropy;Data compression;Mathematics;Heart},
	doi={10.1109/18.179344},
	ISSN={1557-9654},
	month={Jan}
}
@article{Cost1998,
	author = {Ordentlich, Erik and Cover, Thomas M.},
	title = {The Cost of Achieving the Best Portfolio in Hindsight},
	journal = {Mathematics of Operations Research},
	volume = {23},
	number = {4},
	pages = {960-982},
	year = {1998},
	doi = {10.1287/moor.23.4.960},
	
	URL = { 
	https://doi.org/10.1287/moor.23.4.960
	
	},
	eprint = { 
	https://doi.org/10.1287/moor.23.4.960
	}
}
@ARTICLE{CoverOrden1996,
	author={T. M. {Cover} and E. {Ordentlich}},
	journal={IEEE Transactions on Information Theory},
	title={Universal portfolios with side information},
	year={1996},
	volume={42},
	number={2},
	pages={348-363},
	keywords={investment;stock markets;information theory;data compression;commerce;economics;side information;universal portfolios;sequential investment algorithm;/spl mu/-weighted universal portfolio;state-constant rebalanced portfolio;exponential growth wealth;stock market sequence;universal investment;universal data compression;Portfolios;Investments;Stock markets;Data compression;Probability distribution;Terrorism;Information theory;Statistical distributions;Stochastic processes},
	doi={10.1109/18.485708},
	ISSN={1557-9654},
	month={March},}